%%%%%%%%%%%%%%%%%%%%%%%%%%%%%%%%%%%%%%%%%%%%%%%%%%%%%%%%%%%%%%%%%%%%%%%%%%%%%
%Schenkerian Analysis
%%%%%%%%%%%%%%%%%%%%%%%%%%%%%%%%%%%%%%%%%%%%%%%%%%%%%%%%%%%%%%%%%%%%%%%%%%%%%

@misc{schenkerian_wikipedia,
    title = {Schenkerian analysis},
    howpublished = {\url{https://en.wikipedia.org/wiki/Schenkerian_analysis}},
    note = {Accessed on March 16, 2023},
    year = {2023},
    month = {February 2}
}