@misc{audioselfsupsurvey,
    title = {{Audio self-supervised learning: A survey}},
    year = {2022},
    booktitle = {Patterns},
    author = {Liu, Shuo and Mallol-Ragolta, Adria and Parada-Cabaleiro, Emilia and Qian, Kun and Jing, Xin and Kathan, Alexander and Hu, Bin and Schuller, Björn W.},
    number = {12},
    month = {12},
    volume = {3},
    publisher = {Cell Press},
    doi = {10.1016/j.patter.2022.100616},
    issn = {26663899},
    arxivId = {2203.01205},
    keywords = {DSML 2: Proof-of-concept: Data science output has been formulated, implemented, and tested for one domain/problem, audio and speech processing, multi-modal SSL, representation learning, self-supervised learning, unsupervised learning}
}

@inproceedings{auraloss,
    title = {{auraloss: Audio-focused loss functions in PyTorch}},
    year = {2020},
    booktitle = {Digital Music Research Network One-day Workshop (DMRN+15)},
    author = {Steinmetz, Christian J. and Reiss, Joshua D},
    pages = {},
    volume = {2021-June},
    publisher = {Institute of Electrical and Electronics Engineers Inc.},
    doi = {10.1109/ICASSP39728.2021.9414364},
    issn = {15206149},
    arxivId = {2010.10291},
    keywords = {Automatic mixing, Deep learning, Intelligent music production, Temporal convolutional network}
}

@article{contentmusicsimtriplet2020,
    title = {{Content-based Music Similarity with Triplet Networks}},
    year = {2020},
    author = {Cleveland, Joseph and Cheng, Derek and Zhou, Michael and Joachims, Thorsten and Turnbull, Douglas},
    month = {8},
    url = {http://arxiv.org/abs/2008.04938},
    arxivId = {2008.04938}
}

@article{CLMR2021,
    title = {{Contrastive Learning of Musical Representations}},
    year = {2021},
    author = {Spijkervet, Janne and Burgoyne, John Ashley},
    month = {3},
    url = {http://arxiv.org/abs/2103.09410},
    arxivId = {2103.09410}
}

@inproceedings{learning,
    title = {{End-to-end learning for music audio}},
    year = {2014},
    booktitle = {2014 IEEE International Conference on Acoustics, Speech and Signal Processing (ICASSP)},
    author = {Dieleman, Sander and Schrauwen, Benjamin},
    number = {},
    pages = {6964--6968},
    volume = {},
    doi = {10.1109/ICASSP.2014.6854950}
}

@techreport{musicmotivCNN,
    title = {{Experimenting with Musically Motivated Convolutional Neural Networks}},
    author = {Pons, Jordi and Lidy, Thomas and Serra, Xavier},
    url = {http://mtg.upf.edu/ismir2004/contest/tempoContest/node5.html}
}

@techreport{musicviaselfsup,
    title = {{Learning Semantic Similarity in Music Via Self-Supervision}},
    author = {Bretan, Mason and Heck, Larry}
}

@article{Mesostructures2023,
    title = {{Mesostructures: Beyond Spectrogram Loss in Differentiable Time-Frequency Analysis}},
    year = {2023},
    author = {Vahidi, Cyrus and Han, Han and Wang, Changhong and Lagrange, Mathieu and Fazekas, György and Lostanlen, Vincent},
    month = {1},
    url = {http://arxiv.org/abs/2301.10183},
    arxivId = {2301.10183}
}

@article{multisourceclmr2023,
    title = {{Multi-Source Contrastive Learning from Musical Audio}},
    year = {2023},
    author = {Garoufis, Christos and Zlatintsi, Athanasia and Maragos, Petros},
    month = {2},
    url = {http://arxiv.org/abs/2302.07077},
    arxivId = {2302.07077}
}

@article{epidemic,
    title = {{Musical Audio Similarity with Self-supervised Convolutional Neural Networks}},
    year = {2022},
    author = {Thom{\'{e}}, Carl and Piwell, Sebastian and Utterb{\"{a}}ck, Oscar},
    month = {2},
    url = {http://arxiv.org/abs/2202.02112},
    arxivId = {2202.02112}
}

@misc{sox,
    title = {{SoX - Sound eXchange | HomePage}},
    url = {https://sox.sourceforge.net/}
}

@misc{tikz,
    title = {{TikZ.net – Graphics with TikZ in LaTeX}},
    url = {https://tikz.net/}
}

@article{lightweight,
    title = {{Transforming the Embeddings: A Lightweight Technique for Speech Emotion Recognition Tasks}},
    year = {2023},
    author = {Phukan, Orchid Chetia and Buduru, Arun Balaji and Sharma, Rajesh},
    month = {5},
    url = {http://arxiv.org/abs/2305.18640},
    arxivId = {2305.18640}
}

@article{unsupervisedlearndeepfeat,
    title = {{Unsupervised Learning of Deep Features for Music Segmentation}},
    year = {2021},
    author = {McCallum, Matthew C.},
    month = {8},
    url = {http://arxiv.org/abs/2108.12955 http://dx.doi.org/10.1109/ICASSP.2019.8683407},
    doi = {10.1109/ICASSP.2019.8683407},
    arxivId = {2108.12955}
}

@article{Balestriero2023ALearning,
    title = {{A Cookbook of Self-Supervised Learning}},
    year = {2023},
    author = {Balestriero, Randall and Ibrahim, Mark and Sobal, Vlad and Morcos, Ari and Shekhar, Shashank and Goldstein, Tom and Bordes, Florian and Bardes, Adrien and Mialon, Gregoire and Tian, Yuandong and Schwarzschild, Avi and Wilson, Andrew Gordon and Geiping, Jonas and Garrido, Quentin and Fernandez, Pierre and Bar, Amir and Pirsiavash, Hamed and LeCun, Yann and Goldblum, Micah},
    month = {4},
    url = {http://arxiv.org/abs/2304.12210},
    arxivId = {2304.12210}
}

@techreport{SerraADescriptors,
    title = {{A cover song identification system based on sequences of tonal descriptors}},
    author = {Serr{\`{a}}, Joan and G{\'{o}}mez, Emilia},
    url = {http://en.wikipedia.org/wiki/Cover},
    isbn = {1.09446.5399}
}

@techreport{SerraADESCRIPTORSb,
    title = {{A COVER SONG IDENTIFICATION SYSTEM BASED ON SEQUENCES OF TONAL DESCRIPTORS}},
    author = {Serr{\`{a}}, Joan and G{\'{o}}mez, Emilia},
    url = {http://en.wikipedia.org/wiki/Cover},
    isbn = {1.09446.5399}
}

@article{Crestel2018AOrchestration,
    title = {{A database linking piano and orchestral MIDI scores with application to automatic projective orchestration}},
    year = {2018},
    author = {Crestel, Léopold and Esling, Philippe and Heng, Lena and McAdams, Stephen},
    month = {10},
    url = {http://arxiv.org/abs/1810.08611},
    arxivId = {1810.08611}
}

@techreport{PiassiAIdentification,
    title = {{A framework for music similarity and cover song identification}},
    author = {Piassi, Roberto and Bodo, Passos and Benetos, Emmanouil and Queiroz, Marcelo},
    url = {http://essentia.upf.edu/}
}

@techreport{PiassiAIdentificationb,
    title = {{A Framework for Music Similarity and Cover Song Identification}},
    author = {Piassi, Roberto and Bodo, Passos and Benetos, Emmanouil and Queiroz, Marcelo},
    url = {http://essentia.upf.edu/}
}

@book{Lerdahl1985AMusic,
    title = {{A Generative Theory of Tonal Music}},
    year = {1985},
    author = {Lerdahl, Fred and Jackendoff, Ray S.},
    month = {5},
    publisher = {The MIT Press},
    address = {Boston}
}

@techreport{Smith2013ATask,
    title = {{A meta-analysis of the MIREX structure segmentation task}},
    year = {2013},
    author = {Smith, Jordan B L and Chew, Elaine and Mary, Queen}
}

@inproceedings{Logan2001AAnalysis,
    title = {{A music similarity function based on signal analysis}},
    year = {2001},
    booktitle = {Proceedings - IEEE International Conference on Multimedia and Expo},
    author = {Logan, B. and Salomon, A.},
    pages = {745--748},
    publisher = {IEEE Computer Society},
    isbn = {0769511988},
    doi = {10.1109/ICME.2001.1237829},
    issn = {1945788X}
}

@article{Gatys2015AStyle,
    title = {{A Neural Algorithm of Artistic Style}},
    year = {2015},
    author = {Gatys, Leon A. and Ecker, Alexander S. and Bethge, Matthias},
    month = {8},
    url = {http://arxiv.org/abs/1508.06576},
    arxivId = {1508.06576}
}

@article{Chen2020ARepresentations,
    title = {{A Simple Framework for Contrastive Learning of Visual Representations}},
    year = {2020},
    author = {Chen, Ting and Kornblith, Simon and Norouzi, Mohammad and Hinton, Geoffrey},
    month = {2},
    url = {http://arxiv.org/abs/2002.05709},
    arxivId = {2002.05709}
}

@techreport{Turnbull2007ABOOSTING,
    title = {{A SUPERVISED APPROACH FOR DETECTING BOUNDARIES IN MUSIC USING DIFFERENCE FEATURES AND BOOSTING}},
    year = {2007},
    author = {Turnbull, Douglas and Lanckriet, Gert and Pampalk, Elias and Goto, Masataka},
    pages = {51--54}
}

@article{LevyAHarmony,
    title = {{A Theory of Harmony}},
    author = {Levy, Ernst},
    url = {https://books.google.se/books/about/A_Theory_of_Harmony.html?id=cTAWsmYzwDwC&redir_esc=y},
    isbn = {0873959930, 9780873959933}
}

@article{Choi2017ARetrieval,
    title = {{A Tutorial on Deep Learning for Music Information Retrieval}},
    year = {2017},
    author = {Choi, Keunwoo and Fazekas, György and Cho, Kyunghyun and Sandler, Mark},
    month = {9},
    url = {http://arxiv.org/abs/1709.04396},
    arxivId = {1709.04396}
}

@techreport{LesaffreARetrieval,
    title = {{A User-Oriented Approach to Music Information Retrieval}},
    author = {Lesaffre, Micheline and Leman, Marc and Martens, Jean-Pierre},
    url = {http://www.ipem.ugent.be/},
    keywords = {music information retrieval, music recommendation, query by emotion, semantic description, user profile}
}

@techreport{Ferro2016AdvancesRetrieval,
    title = {{Advances in Information Retrieval}},
    year = {2016},
    booktitle = {Proceedings},
    author = {Ferro, Nicola and Crestani, Fabio and Moens, Marie-Francine and Mothe, Josiane and Silvestri, Fabrizio and Giorgio, · and Di, Maria and Hauff, Nunzio Claudia and Silvello, Gianmaria},
    url = {http://www.springer.com/series/7409}
}

@techreport{DannenbergArtificialUnderstanding,
    title = {{Artificial Intelligence, Machine Learning, and Music Understanding}},
    author = {Dannenberg, Roger B},
    url = {http://www.cs.cmu.edu/~rbd}
}

@article{Vaswani2017AttentionNeed,
    title = {{Attention Is All You Need}},
    year = {2017},
    author = {Vaswani, Ashish and Shazeer, Noam and Parmar, Niki and Uszkoreit, Jakob and Jones, Llion and Gomez, Aidan N. and Kaiser, Lukasz and Polosukhin, Illia},
    month = {6},
    url = {http://arxiv.org/abs/1706.03762},
    arxivId = {1706.03762}
}

@article{AudioRetrieval,
    title = {{Audio based music similarity and retrieval}}
}

@techreport{GemmekeAUDIOEvents,
    title = {{AUDIO SET: An ontology and human-labeled dataset for audio events}},
    author = {Gemmeke, Jort F and Ellis, Daniel P W and Freedman, Dylan and Jansen, Aren and Lawrence, Wade and Channing Moore, R and Plakal, Manoj and Ritter, Marvin},
    url = {http://en.wikipedia.org/wiki/Bird},
    keywords = {Index Terms-Audio event detection, audio databases, data collection, sound ontology}
}

@article{Pampalk2006Audio-BasedPatterns,
    title = {{Audio-Based Music Similarity and Retrieval:Combining a Spectral Similarity Model with Information Extracted fromFluctuation Patterns}},
    year = {2006},
    journal = {MIREX 2006},
    author = {Pampalk, Elias},
    pages = {55--64}
}

@techreport{PaulusAUDIO-BASEDANALYSIS,
    title = {{AUDIO-BASED MUSIC STRUCTURE ANALYSIS}},
    author = {Paulus, Jouni and Klapuri, Anssi}
}

@article{Nieto2020Audio-BasedApplications,
    title = {{Audio-Based Music Structure Analysis: Current Trends, Open Challenges, and Applications}},
    year = {2020},
    journal = {Transactions of the International Society for Music Information Retrieval},
    author = {Nieto, Oriol and Mysore, Gautham J. and Wang, Cheng-i and Smith, Jordan B. L. and Schl{\"{u}}ter, Jan and Grill, Thomas and McFee, Brian},
    number = {1},
    month = {12},
    pages = {246--263},
    volume = {3},
    publisher = {Ubiquity Press, Ltd.},
    doi = {10.5334/tismir.54}
}

@techreport{LeeAutomaticProfile,
    title = {{Automatic Chord Recognition from Audio Using Enhanced Pitch Class Profile}},
    author = {Lee, Kyogu},
    institution = {Stanford University}
}

@techreport{Weil2009AutomaticSignals,
    title = {{Automatic generation of lead sheets from polyphonic signals}},
    year = {2009},
    author = {Weil, Jan and Sikora, Thomas and Durrieu, J.-L and Richard, Gaël},
    institution = {International Society for Music Information Retrieval}
}

@article{Kinnaird2021AutomaticEvaluation,
    title = {{Automatic Hierarchy Expansion for Improved Structure and Chord Evaluation}},
    year = {2021},
    journal = {Transactions of the International Society for Music Information Retrieval},
    author = {Kinnaird, Katherine M. and McFee, Brian},
    number = {1},
    month = {6},
    pages = {81--92},
    volume = {4},
    publisher = {Ubiquity Press, Ltd.},
    doi = {10.5334/tismir.71},
    issn = {25143298}
}

@article{Marmoret2022BarwiseAnalysis,
    title = {{Barwise Compression Schemes for Audio-Based Music Structure Analysis}},
    year = {2022},
    author = {Marmoret, Axel and Cohen, Jérémy E. and Bimbot, Frédéric},
    month = {2},
    url = {http://arxiv.org/abs/2202.04981},
    arxivId = {2202.04981}
}

@article{Serra2008ChromaIdentification,
    title = {{Chroma binary similarity and local alignment applied to cover song identification}},
    year = {2008},
    journal = {IEEE Transactions on Audio, Speech and Language Processing},
    author = {Serr{\`{a}}, Joan and G{\'{o}}mez, Emilia and Herrera, Perfecto and Serra, Xavier},
    number = {6},
    pages = {1138--1151},
    volume = {16},
    doi = {10.1109/TASL.2008.924595},
    issn = {15587916},
    keywords = {Acoustic signal analysis, Dynamic programming, Information retrieval, Multidimensional sequences, Music}
}

@article{Castellon2021CodifiedRetrieval,
    title = {{Codified audio language modeling learns useful representations for music information retrieval}},
    year = {2021},
    author = {Castellon, Rodrigo and Donahue, Chris and Liang, Percy},
    month = {7},
    url = {http://arxiv.org/abs/2107.05677},
    arxivId = {2107.05677}
}

@techreport{KohComparisonRecognition,
    title = {{Comparison and Analysis of Deep Audio Embeddings for Music Emotion Recognition}},
    author = {Koh, Eunjeong and Dubnov, Shlomo},
    url = {https://openl3.readthedocs.io/en/latest/index.html}
}

@techreport{Mongeau1990ComparisonSequences,
    title = {{Comparison of Musical Sequences}},
    year = {1990},
    author = {Mongeau, Marcel and Sankoff, David},
    keywords = {dynamic programming, melodic line, musical pattern recognition, sequence comparison}
}

@techreport{WigginsComputationalCreativity,
    title = {{Computational Modelling of Music Cognition and Musical Creativity}},
    author = {Wiggins, Geraint A and Pearce, Marcus T and M{\"{u}}llensiefen, Daniel}
}

@article{Wang2018ConnectionistLabeling,
    title = {{Connectionist Temporal Localization for Sound Event Detection with Sequential Labeling}},
    year = {2018},
    author = {Wang, Yun and Metze, Florian},
    month = {10},
    url = {http://arxiv.org/abs/1810.09052},
    arxivId = {1810.09052}
}

@techreport{SoleymaniContent-basedPreference,
    title = {{Content-based music recommendation using underlying music preference}},
    author = {Soleymani, Mohammad and Aljanaki, Anna and Wiering, Frans and Veltkamp, Remco C},
    url = {www.echonest.com},
    keywords = {Index Terms-music preferences, music audio analysis, music recommenda-tion}
}

@article{Dai2021ControllableRepresentation,
    title = {{Controllable deep melody generation via hierarchical music structure representation}},
    year = {2021},
    author = {Dai, Shuqi and Jin, Zeyu and Gomes, Celso and Dannenberg, Roger B.},
    month = {9},
    url = {http://arxiv.org/abs/2109.00663},
    arxivId = {2109.00663}
}

@article{Luo2018Conv-TasNet:Separation,
    title = {{Conv-TasNet: surpassing ideal time-frequency magnitude masking for speech separation}},
    year = {2018},
    author = {Luo, Yi and Mesgarani, Nima},
    month = {9},
    url = {http://arxiv.org/abs/1809.07454 http://dx.doi.org/10.1109/TASLP.2019.2915167},
    doi = {10.1109/TASLP.2019.2915167},
    arxivId = {1809.07454}
}

@article{Cheah2020ConvolutionalInfluence,
    title = {{Convolutional neural networks for classification of music-listening EEG: comparing 1D convolutional kernels with 2D kernels and cerebral laterality of musical influence}},
    year = {2020},
    journal = {Neural Computing and Applications},
    author = {Cheah, Kit Hwa and Nisar, Humaira and Yap, Vooi Voon and Lee, Chen Yi},
    number = {13},
    month = {7},
    pages = {8867--8891},
    volume = {32},
    publisher = {Springer},
    doi = {10.1007/s00521-019-04367-7},
    issn = {14333058},
    keywords = {Brain lateralization, Convolutional neural network (CNN), Deep learning, Electroencephalogram (EEG), Kernel, Music}
}

@misc{Muller2019Cross-ModalMethodologies,
    title = {{Cross-Modal Music Retrieval and Applications: An Overview of Key Methodologies}},
    year = {2019},
    booktitle = {IEEE Signal Processing Magazine},
    author = {M{\"{u}}ller, Meinard and Arzt, Andreas and Balke, Stefan and Dorfer, Matthias and Widmer, Gerhard},
    number = {1},
    month = {1},
    pages = {52--62},
    volume = {36},
    publisher = {Institute of Electrical and Electronics Engineers Inc.},
    doi = {10.1109/MSP.2018.2868887},
    issn = {15580792},
    arxivId = {1902.04397}
}

@article{Kharitonov2020DataDomain,
    title = {{Data Augmenting Contrastive Learning of Speech Representations in the Time Domain}},
    year = {2020},
    author = {Kharitonov, Eugene and Rivi{\`{e}}re, Morgane and Synnaeve, Gabriel and Wolf, Lior and Mazar{\'{e}}, Pierre-Emmanuel and Douze, Matthijs and Dupoux, Emmanuel},
    month = {7},
    url = {http://arxiv.org/abs/2007.00991},
    arxivId = {2007.00991}
}

@article{Loshchilov2017DecoupledRegularization,
    title = {{Decoupled Weight Decay Regularization}},
    year = {2017},
    author = {Loshchilov, Ilya and Hutter, Frank},
    month = {11},
    url = {http://arxiv.org/abs/1711.05101},
    arxivId = {1711.05101}
}

@article{Salamon2017DeepClassification,
    title = {{Deep Convolutional Neural Networks and Data Augmentation for Environmental Sound Classification}},
    year = {2017},
    journal = {IEEE Signal Processing Letters},
    author = {Salamon, Justin and Bello, Juan Pablo},
    number = {3},
    month = {3},
    pages = {279--283},
    volume = {24},
    publisher = {Institute of Electrical and Electronics Engineers Inc.},
    doi = {10.1109/LSP.2017.2657381},
    issn = {10709908},
    arxivId = {1608.04363},
    keywords = {Deep convolutional neural networks (CNNs), deep learning, environmental sound classification, urban sound dataset}
}

@article{Yu2017DeepRetrieval,
    title = {{Deep Cross-Modal Correlation Learning for Audio and Lyrics in Music Retrieval}},
    year = {2017},
    author = {Yu, Yi and Tang, Suhua and Raposo, Francisco and Chen, Lei},
    month = {11},
    url = {http://arxiv.org/abs/1711.08976},
    arxivId = {1711.08976}
}

@techreport{SalamonDeepSegmentation,
    title = {{Deep embeddings and section fusion improve music segmentation}},
    author = {Salamon, Justin and Nieto, Oriol and Bryan, Nicholas J}
}

@article{LeCun2015DeepLearning,
    title = {{Deep learning}},
    year = {2015},
    journal = {Nature},
    author = {LeCun, Yann and Bengio, Yoshua and Hinton, Geoffrey},
    number = {7553},
    pages = {436--444},
    volume = {521},
    url = {https://doi.org/10.1038/nature14539},
    doi = {10.1038/nature14539},
    issn = {1476-4687}
}

@article{Schindler2020DeepTutorial,
    title = {{Deep Learning for MIR Tutorial}},
    year = {2020},
    author = {Schindler, Alexander and Lidy, Thomas and B{\"{o}}ck, Sebastian},
    month = {1},
    url = {http://arxiv.org/abs/2001.05266},
    arxivId = {2001.05266}
}

@techreport{CifkaDeepTransfer,
    title = {{Deep learning methods for music style transfer}},
    author = {C{\'{i}}fka, Ondřej},
    url = {https://tel.archives-ouvertes.fr/tel-03499991}
}

@article{He2022DEEPCHORUS:Detection,
    title = {{DEEPCHORUS: A Hybrid Model of Multi-scale Convolution and Self-attention for Chorus Detection}},
    year = {2022},
    author = {He, Qiqi and Sun, Xiaoheng and Yu, Yi and Li, Wei},
    month = {2},
    url = {http://arxiv.org/abs/2202.06338},
    arxivId = {2202.06338}
}

@techreport{Smith2011DesignAnnotations,
    title = {{Design and creation of a large-scale database of structural annotations}},
    year = {2011},
    author = {Smith, Jordan B L and Ashley Burgoyne, J and Fujinaga, Ichiro and De Roure, David and Downie, J Stephen}
}

@article{Tralie2017EarlyIdentification,
    title = {{Early MFCC And HPCP Fusion for Robust Cover Song Identification}},
    year = {2017},
    author = {Tralie, Christopher J.},
    month = {7},
    url = {http://arxiv.org/abs/1707.04680},
    arxivId = {1707.04680}
}

@techreport{WonEmotionStories,
    title = {{Emotion embedding spaces for matching music to stories}},
    author = {Won, Minz and Salamon, Justin and Bryan, Nicholas J and Mysore, Gautham J and Serra, Xavier},
    url = {https://multimediaeval.github.io/2020-Emotion-and-Theme-}
}

@article{Juslin2008EmotionalMechanisms,
    title = {{Emotional responses to music: The need to consider underlying mechanisms}},
    year = {2008},
    journal = {Behavioral and Brain Sciences},
    author = {Juslin, Patrik N. and V{\"{a}}stfj{\"{a}}ll, Daniel},
    number = {5},
    volume = {31},
    doi = {10.1017/S0140525X08005293},
    issn = {0140525X},
    pmid = {18826699},
    keywords = {Affect, Arousal, Brain, Emotion, Induction, Mechanism, Memory, Music, Theory}
}

@article{Pons2017End-to-endScale,
    title = {{End-to-end learning for music audio tagging at scale}},
    year = {2017},
    author = {Pons, Jordi and Nieto, Oriol and Prockup, Matthew and Schmidt, Erik and Ehmann, Andreas and Serra, Xavier},
    month = {11},
    url = {http://arxiv.org/abs/1711.02520},
    arxivId = {1711.02520}
}

@misc{EpidemicSite,
    title = {{Epidemic Sound Official Site}},
    url = {https://www.epidemicsound.com/}
}

@article{Shen2023EquiangularVectors,
    title = {{Equiangular Basis Vectors}},
    year = {2023},
    author = {Shen, Yang and Sun, Xuhao and Wei, Xiu-Shen},
    month = {3},
    url = {http://arxiv.org/abs/2303.11637},
    arxivId = {2303.11637}
}

@article{McFee2017EvaluatingAnnotations,
    title = {{Evaluating hierarchical structure in music annotations}},
    year = {2017},
    journal = {Frontiers in Psychology},
    author = {McFee, Brian and Nieto, Oriol and Farbood, Morwaread M. and Bello, Juan Pablo},
    number = {AUG},
    month = {8},
    volume = {8},
    publisher = {Frontiers Media S.A.},
    doi = {10.3389/fpsyg.2017.01337},
    issn = {16641078},
    keywords = {Evaluation, Hierarchy, Inter-annotator agreement, Music structure}
}

@article{Marmoret2021ExploringAnalysis,
    title = {{Exploring single-song autoencoding schemes for audio-based music structure analysis}},
    year = {2021},
    author = {Marmoret, Axel and Cohen, Jérémy E. and Bimbot, Frédéric},
    month = {10},
    url = {http://arxiv.org/abs/2110.14437},
    arxivId = {2110.14437}
}

@article{Schroff2015FaceNet:Clustering,
    title = {{FaceNet: A Unified Embedding for Face Recognition and Clustering}},
    year = {2015},
    author = {Schroff, Florian and Kalenichenko, Dmitry and Philbin, James},
    month = {3},
    url = {http://arxiv.org/abs/1503.03832 http://dx.doi.org/10.1109/CVPR.2015.7298682},
    doi = {10.1109/CVPR.2015.7298682},
    arxivId = {1503.03832}
}

@article{Hung2022Feature-informedClassification,
    title = {{Feature-informed embedding space regularization for audio classification}},
    year = {2022},
    author = {Hung, Yun-Ning and Lerch, Alexander},
    month = {6},
    url = {http://arxiv.org/abs/2206.04850},
    arxivId = {2206.04850}
}

@article{OHanlon2021FifthNet:Recognition,
    title = {{FifthNet: Structured Compact Neural Networks for Automatic Chord Recognition}},
    year = {2021},
    journal = {IEEE/ACM Transactions on Audio Speech and Language Processing},
    author = {O'Hanlon, Ken and Sandler, Mark},
    pages = {2671--2682},
    volume = {29},
    publisher = {Institute of Electrical and Electronics Engineers Inc.},
    doi = {10.1109/TASLP.2021.3070158},
    issn = {23299304},
    keywords = {Deep learning, automatic chord recognition, chroma, compact network, network compression}
}

@article{OpenAI2023GPT-4Report,
    title = {{GPT-4 Technical Report}},
    year = {2023},
    author = {{OpenAI}},
    month = {3},
    url = {http://arxiv.org/abs/2303.08774},
    arxivId = {2303.08774}
}

@techreport{ParkHARMONIC-PERCUSSIVECONSTRAINTS,
    title = {{HARMONIC-PERCUSSIVE SOURCE SEPARATION USING HARMONICITY AND SPARSITY CONSTRAINTS}},
    author = {Park, Jeongsoo and Lee, Kyogu}
}

@article{Turian2022HEAR:Representations,
    title = {{HEAR: Holistic Evaluation of Audio Representations}},
    year = {2022},
    author = {Turian, Joseph and Shier, Jordie and Khan, Humair Raj and Raj, Bhiksha and Schuller, Björn W. and Steinmetz, Christian J. and Malloy, Colin and Tzanetakis, George and Velarde, Gissel and McNally, Kirk and Henry, Max and Pinto, Nicolas and Noufi, Camille and Clough, Christian and Herremans, Dorien and Fonseca, Eduardo and Engel, Jesse and Salamon, Justin and Esling, Philippe and Manocha, Pranay and Watanabe, Shinji and Jin, Zeyu and Bisk, Yonatan},
    month = {3},
    url = {http://arxiv.org/abs/2203.03022},
    arxivId = {2203.03022}
}

@techreport{McfeeHierarchicalDetection,
    title = {{Hierarchical evaluation of segment boundary detection}},
    author = {Mcfee, Brian and Nieto, Oriol and Bello, Juan P}
}

@techreport{JehanHierarchicalSimilarities,
    title = {{Hierarchical multi-class self similarities}},
    author = {Jehan, Tristan}
}

@techreport{Smaill1993HierarchicalAnalysis,
    title = {{Hierarchical Music Representation for Composition and Analysis}},
    year = {1993},
    author = {Smaill, Alan and Wiggins, Geraint and Harris, Mitch},
    keywords = {Constituents, Hierarchical Structures, Music Representation, Musical Information, Musicology}
}

@techreport{Harrison2021HistoricalHarrison,
    title = {{Historical Reprint of The Quarterly Journal for Music Teaching and Learning Article 33 Recommended Citation Recommended Citation Harrison}},
    year = {2021},
    booktitle = {Carole S},
    author = {Harrison, Carole S},
    pages = {33},
    volume = {16}
}

@techreport{Harrison2021HistoricalHarrisonb,
    title = {{Historical Reprint of The Quarterly Journal for Music Teaching and Learning Article 33 Recommended Citation Recommended Citation Harrison}},
    year = {2021},
    booktitle = {Carole S},
    author = {Harrison, Carole S},
    pages = {33},
    volume = {16}
}

@techreport{Urbano2012HowRetrieval.,
    title = {{How significant is statistically significant? The case of audio music similarity retrieval.}},
    year = {2012},
    author = {Urbano, Julián and Mcfee, Brian and Downie, J Stephen and Schedl, Markus},
    url = {http://julian-urbano.info.}
}

@misc{AndrejKarpathyHttp://karpathy.github.io/2019/04/25/recipe/,
    title = {{http://karpathy.github.io/2019/04/25/recipe/}},
    author = {{Andrej Karpathy}}
}

@misc{AndrejKarpathyHttps://karpathy.ai/,
    title = {{https://karpathy.ai/}},
    author = {{Andrej Karpathy}}
}

@article{Thaut2014HumanPatter,
    title = {{Human brain basis of musical rhythm perception: Common and distinct neural substrates for meter, tempo, and patter}},
    year = {2014},
    journal = {Brain Sciences},
    author = {Thaut, Michael H. and Trimarchi, Pietro Davide and Parsons, Lawrence M.},
    number = {2},
    pages = {428--452},
    volume = {4},
    publisher = {MDPI AG},
    doi = {10.3390/brainsci4020428},
    issn = {20763425},
    keywords = {Brain, Music, Neuroimaging, Perception, Rhythm}
}

@techreport{XuanImprovedMining,
    title = {{Improved Embeddings with Easy Positive Triplet Mining}},
    author = {Xuan, Hong and Stylianou, Abby and Pless, Robert},
    url = {https://github.com/littleredxh/EasyPositiveHardNegative}
}

@article{Nguyen2023ImprovingDecorrelation,
    title = {{Improving Self-Supervised Learning for Audio Representations by Feature Diversity and Decorrelation}},
    year = {2023},
    author = {Nguyen, Bac and Uhlich, Stefan and Cardinaux, Fabien},
    month = {3},
    url = {http://arxiv.org/abs/2303.03717},
    arxivId = {2303.03717}
}

@article{Fernandez-Sotos2016InfluenceRegulation,
    title = {{Influence of tempo and rhythmic unit in musical emotion regulation}},
    year = {2016},
    journal = {Frontiers in Computational Neuroscience},
    author = {Fern{\'{a}}ndez-Sotos, Alicia and Fern{\'{a}}ndez-Caballero, Antonio and Latorre, José M.},
    number = {AUG},
    month = {8},
    volume = {10},
    publisher = {Frontiers Research Foundation},
    doi = {10.3389/fncom.2016.00080},
    issn = {16625188},
    keywords = {Emotion regulation, Music, Note value, Rhythmic unit, Tempo}
}

@article{Introduction_to_Schenkerian_Analysis,
    title = {{Introduction{\_}to{\_}Schenkerian{\_}Analysis}}
}

@techreport{Stoller2018IntuitiveTransitions,
    title = {{Intuitive and efficient computer aided music rearrangement with optimised processing of audio transitions}},
    year = {2018},
    author = {Stoller, Daniel and Vatolkin, Igor and M{\"{u}}ller, Heinrich},
    keywords = {Composition, Machine Composition, Music Analysis, Sound Synthesis}
}

@techreport{KirlinISMIRMusicology,
    title = {{ISMIR 2008-Session 3b-Computational Musicology}},
    author = {Kirlin, Phillip B and Utgoff, Paul E}
}

@article{Lee2019ISMIRLearning,
    title = {{ISMIR 2019 tutorial: waveform-based music processing with deep learning}},
    year = {2019},
    author = {Lee, Jongpil and Pons, Jordi and Dieleman, Sander},
    month = {11},
    url = {https://doi.org/10.5281/zenodo.3529714#.ZAWwUwvYt5C.mendeley},
    doi = {10.5281/ZENODO.3529714}
}

@incollection{Fastl2007Just-NoticeableChanges,
    title = {{Just-Noticeable Sound Changes}},
    year = {2007},
    booktitle = {Psychoacoustics: Facts and Models},
    author = {Fastl, Hugo and Zwicker, Eberhard},
    editor = {Fastl, Hugo and Zwicker, Eberhard},
    pages = {175--202},
    publisher = {Springer Berlin Heidelberg},
    url = {https://doi.org/10.1007/978-3-540-68888-4_7},
    address = {Berlin, Heidelberg},
    isbn = {978-3-540-68888-4},
    doi = {10.1007/978-3-540-68888-4{\_}7}
}

@article{Kupdf.net_forte-the-structure-of-atonal-music,
    title = {{kupdf.net{\_}forte-the-structure-of-atonal-music}}
}

@techreport{Kim2021LearningLoss,
    title = {{Learning a cross-domain embedding space of vocal and mixed audio with a  structure-preserving triplet loss}},
    year = {2021},
    author = {Kim, Keunhyoung Luke and Lee, Jongpil and Kum, Sangeun and Nam, Juhan}
}

@article{Yu2019LearningNetwork,
    title = {{Learning a Representation for Cover Song Identification Using Convolutional Neural Network}},
    year = {2019},
    author = {Yu, Zhesong and Xu, Xiaoshuo and Chen, Xiaoou and Yang, Deshun},
    month = {11},
    url = {http://arxiv.org/abs/1911.00334},
    arxivId = {1911.00334}
}

@article{Chen2020LearningRecommendation,
    title = {{Learning Audio Embeddings with User Listening Data for Content-based Music Recommendation}},
    year = {2020},
    author = {Chen, Ke and Liang, Beici and Ma, Xiaoshuan and Gu, Minwei},
    month = {10},
    url = {http://arxiv.org/abs/2010.15389},
    arxivId = {2010.15389}
}

@article{Agrawal2020LearningAlignment,
    title = {{Learning Frame Similarity using Siamese networks for Audio-to-Score Alignment}},
    year = {2020},
    author = {Agrawal, Ruchit and Dixon, Simon},
    month = {11},
    url = {http://arxiv.org/abs/2011.07546},
    arxivId = {2011.07546}
}

@article{Jiang2022LearningMeasures,
    title = {{Learning Hierarchical Metrical Structure Beyond Measures}},
    year = {2022},
    author = {Jiang, Junyan and Chin, Daniel and Zhang, Yixiao and Xia, Gus},
    month = {9},
    url = {http://arxiv.org/abs/2209.10259},
    arxivId = {2209.10259}
}

@article{Hawley2023LeveragingManipulation,
    title = {{Leveraging Neural Representations for Audio Manipulation}},
    year = {2023},
    author = {Hawley, Scott H. and Steinmetz, Christian J.},
    month = {4},
    url = {http://arxiv.org/abs/2304.04394},
    arxivId = {2304.04394}
}

@techreport{CramerLOOKEMBEDDINGS,
    title = {{LOOK, LISTEN, AND LEARN MORE: DESIGN CHOICES FOR DEEP AUDIO EMBEDDINGS}},
    author = {Cramer, Jason and Wu, Ho-Hsiang and Salamon, Justin and Bello, Juan Pablo},
    url = {https://github.com/marl/l3embedding},
    keywords = {Index Terms-Audio classification, deep audio embeddings, deep learning, machine listening, transfer learning}
}

@article{LydianRussell,
    title = {{Lydian Chromatic Concep Of Tonal Organization (George Russell)}}
}

@techreport{Mullensiefen2003MeasuringJudgments,
    title = {{Measuring melodic similarity and cognitive adequacy in the measurement of melodic similarity: algorithmic vs. human judgments}},
    year = {2003},
    author = {M{\"{u}}llensiefen, Daniel},
    pages = {13}
}

@article{Serra2012MeasuringMusic,
    title = {{Measuring the evolution of contemporary western popular music}},
    year = {2012},
    journal = {Scientific Reports},
    author = {Serr{\`{a}}, Joan and Corral, Álvaro and Bogu{\~{n}}{\'{a}}, Marián and Haro, Martín and Arcos, Josep Ll},
    volume = {2},
    doi = {10.1038/srep00521},
    issn = {20452322},
    pmid = {22837813},
    arxivId = {1205.5651}
}

@article{Li2023MERT:Training,
    title = {{MERT: Acoustic Music Understanding Model with Large-Scale Self-supervised Training}},
    year = {2023},
    author = {Li, Yizhi and Yuan, Ruibin and Zhang, Ge and Ma, Yinghao and Chen, Xingran and Yin, Hanzhi and Lin, Chenghua and Ragni, Anton and Benetos, Emmanouil and Gyenge, Norbert and Dannenberg, Roger and Liu, Ruibo and Chen, Wenhu and Xia, Gus and Shi, Yemin and Huang, Wenhao and Guo, Yike and Fu, Jie},
    month = {5},
    url = {http://arxiv.org/abs/2306.00107},
    arxivId = {2306.00107}
}

@techreport{CannamMIREXMUSIC,
    title = {{MIREX 2018: VAMP PLUGINS FROM THE CENTRE FOR DIGITAL MUSIC}},
    author = {Cannam, Chris and Benetos, Emmanouil and Davies, Matthew E P and Dixon, Simon and Landone, Christian and Levy, Mark and Mauch, Matthias and Noland, Katy and Stowell, Dan},
    url = {http://code.soundsoftware.ac.uk/projects/beatroot-vamp/}
}

@techreport{RaffelMir_eval:Metrics,
    title = {{mir{\_}eval: A transparent implementation of common MIR metrics}},
    author = {Raffel, Colin and Mcfee, Brian and Humphrey, Eric J and Salamon, Justin and Nieto, Oriol and Liang, Dawen and Ellis, Daniel P W}
}

@techreport{NietoMSAF:FRAMEWORK,
    title = {{MSAF: MUSIC STRUCTURE ANALYSIS FRAMEWORK}},
    author = {Nieto, Oriol and Bello, Juan Pablo},
    url = {https://github.com/urinieto/msaf}
}

@article{Baltrusaitis2017MultimodalTaxonomy,
    title = {{Multimodal Machine Learning: A Survey and Taxonomy}},
    year = {2017},
    author = {Baltru{\v{s}}aitis, Tadas and Ahuja, Chaitanya and Morency, Louis-Philippe},
    month = {5},
    url = {http://arxiv.org/abs/1705.09406},
    arxivId = {1705.09406}
}

@article{Simonetta2019MultimodalChallenges,
    title = {{Multimodal music information processing and retrieval: survey and future challenges}},
    year = {2019},
    author = {Simonetta, Federico and Ntalampiras, Stavros and Avanzini, Federico},
    month = {2},
    url = {http://arxiv.org/abs/1902.05347 http://dx.doi.org/10.1109/MMRP.2019.00012},
    doi = {10.1109/MMRP.2019.00012},
    arxivId = {1902.05347}
}

@article{Wang2022MuSFA:Data,
    title = {{MuSFA: Improving Music Structural Function Analysis with Partially Labeled Data}},
    year = {2022},
    author = {Wang, Ju-Chiang and Smith, Jordan B. L. and Hung, Yun-Ning},
    month = {11},
    url = {http://arxiv.org/abs/2211.15787},
    arxivId = {2211.15787}
}

@article{Hernandez-Olivan2021MusicFeatures,
    title = {{Music boundary detection using convolutional neural networks: A comparative analysis of combined input features}},
    year = {2021},
    journal = {International Journal of Interactive Multimedia and Artificial Intelligence},
    author = {Hernandez-Olivan, Carlos and Beltran, Jose R. and Diaz-Guerra, David},
    number = {2},
    pages = {78--88},
    volume = {7},
    publisher = {Universidad Internacional de la Rioja},
    doi = {10.9781/ijimai.2021.10.005},
    issn = {19891660},
    arxivId = {2008.07527},
    keywords = {CNNs, Deep Learning, Music Analysis, Music Information Retrieval (MIR), Music Structure, Self-Similarity Matrix (SSM)}
}

@techreport{GrillMUSICANNOTATIONS,
    title = {{MUSIC BOUNDARY DETECTION USING NEURAL NETWORKS ON COMBINED FEATURES AND TWO-LEVEL ANNOTATIONS}},
    author = {Grill, Thomas and Sch{\"{i}}, Jan},
    url = {http://www.ofai.at/research/impml/}
}

@techreport{DongMusic225,
    title = {{Music Chord Progression Analysis Final Project Report for "Probability and Statistics for Data Science" (ECE 225)}},
    author = {Dong, Hao-Wen and Lai, Chun-Jhen},
    url = {https://github.com/wayne391/lead-sheet-dataset}
}

@techreport{Krumhansl1983MusicMusic,
    title = {{Music Perception {\textcopyright} 1 983 by the regents of the Perceptual Structures for Tonal Music}},
    year = {1983},
    booktitle = {Fall},
    author = {Krumhansl, Carol L},
    pages = {28--62},
    volume = {1}
}

@inproceedings{Plachouras2023MusicSegmentation,
    title = {{Music Rearrangement Using Hierarchical Segmentation}},
    year = {2023},
    booktitle = {ICASSP 2023 - 2023 IEEE International Conference on Acoustics, Speech and Signal Processing (ICASSP)},
    author = {Plachouras, Christos and Miron, Marius},
    month = {6},
    pages = {1--5},
    publisher = {IEEE},
    url = {https://ieeexplore.ieee.org/document/10097212/},
    isbn = {978-1-7281-6327-7},
    doi = {10.1109/ICASSP49357.2023.10097212}
}

@techreport{ScottCuthbertChristopherArizaMusic21:Data,
    title = {{music21: A Toolkit for Computer-Aided Musicology and Symbolic Music Data}},
    author = {Scott Cuthbert Christopher Ariza, Michael},
    pages = {637--642},
    url = {http://ismir2010.ismir.net/proceedings/ismir2010-108.pdfPersistentURL:http://hdl.handle.net/1721.1/84963}
}

@article{Tzanetakis2002MusicalSignals,
    title = {{Musical genre classification of audio signals}},
    year = {2002},
    journal = {IEEE Transactions on Speech and Audio Processing},
    author = {Tzanetakis, George and Cook, Perry},
    number = {5},
    month = {7},
    pages = {293--302},
    volume = {10},
    doi = {10.1109/TSA.2002.800560},
    issn = {10636676},
    keywords = {Audio classification, Beat analysis, Feature extraction, Musical genre classification, Wavelets}
}

@article{SchlenkerMusical,
    title = {{Musical Meaning within Super Semantics *}},
    author = {Schlenker, Philippe},
    url = {https://hal.archives-ouvertes.fr/hal-03516710},
    doi = {10.1007/s10988-021-09329-8{\"{i}}}
}

@techreport{VickersMusicalDesign,
    title = {{Musical Program Auralisation: A Structured Approach to Motif Design}},
    author = {Vickers, Paul and Alty, James L},
    keywords = {Music, auditory display, communication, program auralisation, visualisation}
}

@article{Crestel2018NEURALION,
    title = {{NEURAL NETWORKS FOR AUTOMAT I C MUS I CAL{\\\}PROJ ECT I VE ORCHESTRAT ION}},
    year = {2018},
    author = {Crestel, Léopold},
    month = {10}
}

@article{Sikaroudi2020OfflinePatches,
    title = {{Offline versus Online Triplet Mining based on Extreme Distances of Histopathology Patches}},
    year = {2020},
    author = {Sikaroudi, Milad and Ghojogh, Benyamin and Safarpoor, Amir and Karray, Fakhri and Crowley, Mark and Tizhoosh, H. R.},
    month = {7},
    url = {http://arxiv.org/abs/2007.02200 http://dx.doi.org/10.1007/978-3-030-64556-4_26},
    doi = {10.1007/978-3-030-64556-4{\_}26},
    arxivId = {2007.02200}
}

@article{Quene2007OnSpeech,
    title = {{On the just noticeable difference for tempo in speech}},
    year = {2007},
    journal = {Journal of Phonetics},
    author = {Quen{\'{e}}, Hugo},
    number = {3},
    month = {7},
    pages = {353--362},
    volume = {35},
    doi = {10.1016/j.wocn.2006.09.001},
    issn = {00954470}
}

@article{Kim2020OneStrategies,
    title = {{One deep music representation to rule them all? A comparative analysis of different representation learning strategies}},
    year = {2020},
    journal = {Neural Computing and Applications},
    author = {Kim, Jaehun and Urbano, Julián and Liem, Cynthia C.S. and Hanjalic, Alan},
    number = {4},
    month = {2},
    pages = {1067--1093},
    volume = {32},
    publisher = {Springer},
    doi = {10.1007/s00521-019-04076-1},
    issn = {14333058},
    arxivId = {1802.04051},
    keywords = {Multitask learning, Music Information Retrieval, Representation learning}
}

@article{Chaki2021PatternState-of-art,
    title = {{Pattern analysis based acoustic signal processing: a survey of the state-of-art}},
    year = {2021},
    journal = {International Journal of Speech Technology},
    author = {Chaki, Jyotismita},
    number = {4},
    month = {12},
    pages = {913--955},
    volume = {24},
    publisher = {Springer},
    doi = {10.1007/s10772-020-09681-3},
    issn = {15728110},
    keywords = {Acoustic phonetic approach, Audio signal processing, Classification of audio, Perceptual audio feature, Physical audio feature}
}

@techreport{Bigand1983PerceivingExpertise,
    title = {{Perceiving Musical Stability: The Effect of Tonal Structure, Rhythm, and Musical Expertise}},
    year = {1983},
    author = {Bigand, Emmanuel},
    publisher = {Schenker},
    isbn = {00961523/97}
}

@article{Large2002PerceivingMusic,
    title = {{Perceiving temporal regularity in music}},
    year = {2002},
    journal = {Cognitive Science},
    author = {Large, Edward W. and Palmer, Caroline},
    number = {1},
    month = {1},
    pages = {1--37},
    volume = {26},
    publisher = {Wiley},
    doi = {10.1207/s15516709cog2601{\_}1}
}

@article{Sears2014PerceivingCadence,
    title = {{Perceiving the classical cadence}},
    year = {2014},
    journal = {Music Perception},
    author = {Sears, David and Caplin, William E. and McAdams, Stephen},
    number = {5},
    pages = {397--417},
    volume = {31},
    publisher = {University of California Press},
    doi = {10.1525/MP.2014.31.5.397},
    issn = {15338312},
    keywords = {Cadence, Closure, Hierarchy, Mozart, Schema}
}

@techreport{NietoPerceptualMusic,
    title = {{Perceptual analysis of the f-measure for evaluating section boundaries in music}},
    author = {Nieto, Oriol and Farbood, Morwaread M and Jehan, Tristan and Bello, Juan Pablo},
    url = {http://www.music-ir.org/mirex/wiki/MIREX}
}

@techreport{NietoPerceptualMusicb,
    title = {{Perceptual Analysis Of The F-Measure For Evaluating Section Boundaries In Music}},
    author = {Nieto, Oriol and Farbood, Morwaread M and Jehan, Tristan and Bello, Juan Pablo},
    url = {http://www.music-ir.org/mirex/wiki/MIREX}
}

@article{Huitt2003PiagetsDevelopment,
    title = {{Piagets Theory of Cognitive Development}},
    year = {2003},
    journal = {Educational Psychology Interactive},
    author = {Huitt, W. and Hummel, J.}
}

@incollection{Shepard1999PitchMeasurement.,
    title = {{Pitch perception and measurement.}},
    year = {1999},
    booktitle = {Music, cognition, and computerized sound:  An introduction to psychoacoustics.},
    author = {Shepard, Roger},
    pages = {149--165},
    publisher = {The MIT Press},
    address = {Cambridge,  MA,  US},
    isbn = {0-262-03256-2 (Hardcover)},
    keywords = {*Auditory Thresholds, *Competence, *Performance, *Pitch (Frequency), *Pitch Perception, Measurement}
}

@techreport{RoyerPitch-shiftingMusic,
    title = {{Pitch-shifting algorithm design and applications in music}},
    author = {Royer, Théo}
}

@article{Alonso-Jimenez2023Pre-TrainingSimilarity,
    title = {{Pre-Training Strategies Using Contrastive Learning and Playlist Information for Music Classification and Similarity}},
    year = {2023},
    author = {Alonso-Jim{\'{e}}nez, Pablo and Favory, Xavier and Foroughmand, Hadrien and Bourdalas, Grigoris and Serra, Xavier and Lidy, Thomas and Bogdanov, Dmitry},
    month = {4},
    url = {http://arxiv.org/abs/2304.12257},
    arxivId = {2304.12257}
}

@book{Koffka2013PrinciplesPsychology,
    title = {{Principles of Gestalt psychology}},
    year = {2013},
    author = {Koffka, Kurt},
    volume = {44}
}

@misc{PyTorch,
    title = {{PyTorch}},
    url = {https://pytorch.org/}
}

@misc{PyTorchDocumentation,
    title = {{PyTorch Lightning 2.0.1 documentation}},
    url = {https://lightning.ai/docs/pytorch/stable/}
}

@inproceedings{Paszke2019PyTorch:Library,
    title = {{PyTorch: An Imperative Style, High-Performance Deep Learning Library}},
    year = {2019},
    booktitle = {Advances in Neural Information Processing Systems},
    author = {Paszke, Adam and Gross, Sam and Massa, Francisco and Lerer, Adam and Bradbury, James and Chanan, Gregory and Killeen, Trevor and Lin, Zeming and Gimelshein, Natalia and Antiga, Luca and Desmaison, Alban and Kopf, Andreas and Yang, Edward and DeVito, Zachary and Raison, Martin and Tejani, Alykhan and Chilamkurthy, Sasank and Steiner, Benoit and Fang, Lu and Bai, Junjie and Chintala, Soumith},
    editor = {Wallach, H and Larochelle, H and Beygelzimer, A and d Alch{\'{e}}-Buc, F and Fox, E and Garnett, R},
    pages = {},
    volume = {32},
    publisher = {Curran Associates, Inc.},
    url = {https://proceedings.neurips.cc/paper_files/paper/2019/file/bdbca288fee7f92f2bfa9f7012727740-Paper.pdf}
}

@misc{Falcon2020PyTorchLightning/pytorch-lightning:Release,
    title = {{PyTorchLightning/pytorch-lightning: 0.7.6 release}},
    year = {2020},
    author = {Falcon, William and Borovec, Jirka and W{\"{a}}lchli, Adrian and Eggert, Nic and Schock, Justus and Jordan, Jeremy and Skafte, Nicki and {Ir1dXD} and Bereznyuk, Vadim and Harris, Ethan and Murrell, Tullie and Yu, Peter and Pr{\ae}sius, Sebastian and Addair, Travis and Zhong, Jacob and Lipin, Dmitry and Uchida So{\\\}and Bapat, Shreyas and Schr{\"{o}}ter, Hendrik and Dayma Boris{\\\}and Karnachev, Alexey and Kulkarni, Akshay and Komatsu Shunta{\\\}and Martin, B and Schiratti, Jean-Baptiste and Mary, Hadrien and Byrne, Donal and Eyzaguirre, Cristobal and {cinjon} and Bakhtin, Anton},
    publisher = {Zenodo}
}

@article{vandenBerg2022Real-timeNetwork,
    title = {{Real-time estimation of perceptual thresholds based on the electroencephalogram using a deep neural network}},
    year = {2022},
    journal = {Journal of Neuroscience Methods},
    author = {van den Berg, Boudewijn and Vanwinsen, L. and Jansen, N. and Buitenweg, Jan R.},
    month = {5},
    volume = {374},
    publisher = {Elsevier B.V.},
    doi = {10.1016/j.jneumeth.2022.109580},
    issn = {1872678X},
    pmid = {35346697},
    keywords = {Deep neural network, Electroencephalography, Evoked Potential, Machine learning, Nociception, Nociceptive Processing, Pain, Perception, Perceptual threshold, Psychophysics}
}

@article{Park2017RepresentationLabels,
    title = {{Representation Learning of Music Using Artist Labels}},
    year = {2017},
    author = {Park, Jiyoung and Lee, Jongpil and Park, Jangyeon and Ha, Jung-Woo and Nam, Juhan},
    month = {10},
    url = {http://arxiv.org/abs/1710.06648},
    arxivId = {1710.06648}
}

@article{Large1994ResonanceMeter,
    title = {{Resonance and the Perception of Musical Meter}},
    year = {1994},
    journal = {Connection Science},
    author = {Large, Edward W. and Kolen, John F.},
    number = {2-3},
    pages = {177--208},
    volume = {6},
    doi = {10.1080/09540099408915723},
    issn = {13600494},
    keywords = {Beat, beat-tracking, entrainment, meter, meter perception, metrical structure, phase-locking}
}

@techreport{SturmRevisitingPractices,
    title = {{Revisiting priorities: improving MIR evaluation practices}},
    author = {Sturm, Bob L},
    url = {https://www.worlddancesport.org/Rule/}
}

@techreport{SturmREVISITINGPRACTICESb,
    title = {{REVISITING PRIORITIES: IMPROVING MIR EVALUATION PRACTICES}},
    author = {Sturm, Bob L},
    url = {https://www.worlddancesport.org/Rule/}
}

@article{Lee2018SampleCNN:Classification,
    title = {{SampleCNN: End-to-end deep convolutional neural networks using very small filters for music classification}},
    year = {2018},
    journal = {Applied Sciences (Switzerland)},
    author = {Lee, Jongpil and Park, Jiyoung and Kim, Keunhyoung Luke and Nam, Juhan},
    number = {1},
    volume = {8},
    publisher = {MDPI AG},
    doi = {10.3390/APP8010150},
    issn = {20763417},
    keywords = {Convolutional neural networks, Downsampling, Filter visualization, Music classification, Raw waveforms, Sample-level filters, Transfer learning}
}

@techreport{Komar1959SchenkersStructure,
    title = {{Schenker's Conception of Musical Structure}},
    year = {1959},
    author = {Komar, Arthur},
    pages = {23--24},
    volume = {1}
}

@article{Samson1974SchoenbergsMusic,
    title = {{Schoenberg's 'Atonal' Music}},
    year = {1974},
    journal = {Tempo},
    author = {Samson, Jim},
    number = {109},
    pages = {16--25},
    publisher = {Cambridge University Press},
    url = {http://www.jstor.org/stable/944097},
    issn = {00402982, 14782286}
}

@inproceedings{Suzuki2021ScoreRepresentation,
    title = {{Score Transformer: Generating Musical Score from Note-level Representation}},
    year = {2021},
    booktitle = {ACM International Conference Proceeding Series},
    author = {Suzuki, Masahiro},
    month = {12},
    publisher = {Association for Computing Machinery},
    isbn = {9781450386074},
    doi = {10.1145/3469877.3490612},
    arxivId = {2112.00355},
    keywords = {music transcription, musical score generation, symbolic music representation, transformers}
}

@article{Nozaradan2012SelectiveRhythm,
    title = {{Selective neuronal entrainment to the beat and meter embedded in a musical rhythm}},
    year = {2012},
    journal = {Journal of Neuroscience},
    author = {Nozaradan, Sylvie and Peretz, Isabelle and Mouraux, André},
    number = {49},
    month = {12},
    pages = {17572--17581},
    volume = {32},
    doi = {10.1523/JNEUROSCI.3203-12.2012},
    issn = {02706474},
    pmid = {23223281}
}

@article{Akama2023Self-supervisedAuto-tagging,
    title = {{Self-supervised Auxiliary Loss for Metric Learning in Music Similarity-based Retrieval and Auto-tagging}},
    year = {2023},
    author = {Akama, Taketo and Kitano, Hiroaki and Takematsu, Katsuhiro and Miyajima, Yasushi and Polouliakh, Natalia},
    month = {4},
    url = {http://arxiv.org/abs/2304.07449},
    arxivId = {2304.07449}
}

@article{Jiang2022Self-SupervisedModeling,
    title = {{Self-Supervised Hierarchical Metrical Structure Modeling}},
    year = {2022},
    author = {Jiang, Junyan and Xia, Gus},
    month = {10},
    url = {http://arxiv.org/abs/2210.17183},
    arxivId = {2210.17183}
}

@article{Mohamed2022Self-SupervisedReview,
    title = {{Self-Supervised Speech Representation Learning: A Review}},
    year = {2022},
    author = {Mohamed, Abdelrahman and Lee, Hung-yi and Borgholt, Lasse and Havtorn, Jakob D. and Edin, Joakim and Igel, Christian and Kirchhoff, Katrin and Li, Shang-Wen and Livescu, Karen and Maal{\o}e, Lars and Sainath, Tara N. and Watanabe, Shinji},
    month = {5},
    url = {http://arxiv.org/abs/2205.10643 http://dx.doi.org/10.1109/JSTSP.2022.3207050},
    doi = {10.1109/JSTSP.2022.3207050},
    arxivId = {2205.10643}
}

@techreport{Barrington2007SemanticRetrieval,
    title = {{Semantic Similarity For Music Retrieval}},
    year = {2007},
    author = {Barrington, Luke and Turnbull, Douglas and Torres, David and Lanckriet, Gert}
}

@article{Aucouturier2013SevenNeuroscience,
    title = {{Seven problems that keep MIR from attracting the interest of cognition and neuroscience}},
    year = {2013},
    journal = {Journal of Intelligent Information Systems},
    author = {Aucouturier, Jean-Julien and Bigand, Emmanuel},
    number = {3},
    pages = {483--497},
    url = {https://hal.science/hal-01546752},
    doi = {10.1007/s10844-013-0251-x{\"{i}}},
    keywords = {Ba, PACS 4375, Xz {\textperiodcentered} 4366}
}

@article{Aucouturier2013SevenNeuroscienceb,
    title = {{Seven problems that keep MIR from attracting the interest of cognition and neuroscience}},
    year = {2013},
    journal = {Journal of Intelligent Information Systems},
    author = {Aucouturier, Jean Julien and Bigand, Emmanuel},
    number = {3},
    month = {12},
    pages = {483--497},
    volume = {41},
    doi = {10.1007/s10844-013-0251-x},
    issn = {09259902},
    keywords = {Interdisciplinarity, MIR, Music cognition}
}

@book{AssociationforComputingMachinery.SpecialInterestGrouponInformationRetrieval.2013SIGIRIreland,
    title = {{SIGIR '13 : the proceedings of the 36th International ACM SIGIR Conference on Research {\&} Development in Information Retrieval : July 28-August 1, 2013, Dublin, Ireland}},
    year = {2013},
    author = {{Association for Computing Machinery. Special Interest Group on Information Retrieval.}},
    pages = {1154},
    publisher = {ACM},
    isbn = {9781450320344}
}

@inproceedings{Bromley1993SignatureNetwork,
    title = {{Signature Verification using a "Siamese" Time Delay Neural Network}},
    year = {1993},
    booktitle = {Advances in Neural Information Processing Systems},
    author = {Bromley, Jane and Guyon, Isabelle and LeCun, Yann and S{\"{a}}ckinger, Eduard and Shah, Roopak},
    editor = {Cowan, J and Tesauro, G and Alspector, J},
    pages = {},
    volume = {6},
    publisher = {Morgan-Kaufmann},
    url = {https://proceedings.neurips.cc/paper_files/paper/1993/file/288cc0ff022877bd3df94bc9360b9c5d-Paper.pdf}
}

@article{Ravanelli2018SpeakerSincNet,
    title = {{Speaker Recognition from Raw Waveform with SincNet}},
    year = {2018},
    author = {Ravanelli, Mirco and Bengio, Yoshua},
    month = {7},
    url = {http://arxiv.org/abs/1808.00158},
    arxivId = {1808.00158}
}

@article{Spijkervet2021Spijkervet/torchaudio-augmentations:V1.0,
    title = {{Spijkervet/torchaudio-augmentations: v1.0}},
    year = {2021},
    author = {Spijkervet, Janne},
    month = {5},
    url = {https://doi.org/10.5281/zenodo.4748582#.ZATdOBUmob8.mendeley},
    doi = {10.5281/ZENODO.4748582}
}

@article{Wang2021SupervisedFeatures,
    title = {{Supervised Metric Learning for Music Structure Features}},
    year = {2021},
    author = {Wang, Ju-Chiang and Smith, Jordan B. L. and Lu, Wei-Tsung and Song, Xuchen},
    month = {10},
    url = {http://arxiv.org/abs/2110.09000},
    arxivId = {2110.09000}
}

@article{Hernandez-Olivan2023SymbolicMethods,
    title = {{Symbolic Music Structure Analysis with Graph Representations and Changepoint Detection Methods}},
    year = {2023},
    author = {Hernandez-Olivan, Carlos and Llamas, Sonia Rubio and Beltran, Jose R.},
    month = {3},
    url = {http://arxiv.org/abs/2303.13881},
    arxivId = {2303.13881}
}

@techreport{HarteSymbolicAnnotations,
    title = {{Symbolic representation of musical chords: a proposed syntax for text annotations}},
    author = {Harte, Christopher and Sandler, Mark and Abdallah, Samer and G{\'{o}}mez, Emilia},
    keywords = {Anno-tation, Chords, Harmony, Music, Notation}
}

@techreport{HarteSYMBOLICANNOTATIONSb,
    title = {{SYMBOLIC REPRESENTATION OF MUSICAL CHORDS: A PROPOSED SYNTAX FOR TEXT ANNOTATIONS}},
    author = {Harte, Christopher and Sandler, Mark and Abdallah, Samer and G{\'{o}}mez, Emilia},
    keywords = {Anno-tation, Chords, Harmony, Music, Notation}
}

@article{Morais2023TempoEstimation,
    title = {{Tempo vs. Pitch: understanding self-supervised tempo estimation}},
    year = {2023},
    author = {Morais, Giovana and Davies, Matthew E. P. and Queiroz, Marcelo and Fuentes, Magdalena},
    month = {4},
    url = {http://arxiv.org/abs/2304.06868},
    arxivId = {2304.06868}
}

@article{Zhang2022TensionBoundaries,
    title = {{Tension experience induced by tonal and melodic shift at music phrase boundaries}},
    year = {2022},
    journal = {Scientific Reports},
    author = {Zhang, Ning and Sun, Lijun and Wu, Qiong and Yang, Yufang},
    number = {1},
    month = {12},
    volume = {12},
    publisher = {Nature Research},
    doi = {10.1038/s41598-022-11949-4},
    issn = {20452322},
    pmid = {35585148}
}

@inproceedings{Hu2022TheScenarios,
    title = {{The Beauty of Repetition in Machine Composition Scenarios}},
    year = {2022},
    author = {Hu, Zhejing and Ma, Xiao and Liu, Yan and Chen, Gong and Liu, Yongxu},
    month = {10},
    pages = {1223--1231},
    publisher = {Association for Computing Machinery (ACM)},
    doi = {10.1145/3503161.3548130},
    arxivId = {2209.11426}
}

@article{Sturm2013TheUse,
    title = {{The GTZAN dataset: Its contents, its faults, their effects on evaluation, and its future use}},
    year = {2013},
    author = {Sturm, Bob L.},
    month = {6},
    url = {http://arxiv.org/abs/1306.1461 http://dx.doi.org/10.1080/09298215.2014.894533},
    doi = {10.1080/09298215.2014.894533},
    arxivId = {1306.1461}
}

@techreport{KneesTheRetrieval,
    title = {{The Information Retrieval Series Music Similarity and Retrieval}},
    author = {Knees, Peter and Schedl, Markus},
    url = {http://www.springer.com/series/6128}
}

@techreport{KneesTheRetrievalb,
    title = {{The Information Retrieval Series Music Similarity and Retrieval}},
    author = {Knees, Peter and Schedl, Markus},
    url = {http://www.springer.com/series/6128}
}

@techreport{Cambouropoulos2010TheAssumptions,
    title = {{The Musical Surface: Challenging Basic Assumptions}},
    year = {2010},
    author = {Cambouropoulos, Emilios},
    keywords = {automatic transcription, beat-tracking, musical surface, stream separation}
}

@misc{TikZ.netLaTeX,
    title = {{TikZ.net – Graphics with TikZ in LaTeX}},
    url = {https://tikz.net/}
}

@article{Wang2022ToFunctions,
    title = {{To catch a chorus, verse, intro, or anything else: Analyzing a song with structural functions}},
    year = {2022},
    author = {Wang, Ju-Chiang and Hung, Yun-Ning and Smith, Jordan B. L.},
    month = {5},
    url = {http://arxiv.org/abs/2205.14700},
    arxivId = {2205.14700}
}

@article{EmiliaGomezGutierrez2006TonalSignals,
    title = {{Tonal description of music audio signals}},
    year = {2006},
    author = {{Emilia G{\'{o}}mez Guti{\'{e}}rrez}}
}

@techreport{Caplin2013TonalPerspective,
    title = {{Tonal Function and Metrical Accent: A Historical Perspective}},
    year = {2013},
    author = {Caplin, William}
}

@article{Yang2021TorchAudio:Processing,
    title = {{TorchAudio: Building Blocks for Audio and Speech Processing}},
    year = {2021},
    author = {Yang, Yao-Yuan and Hira, Moto and Ni, Zhaoheng and Chourdia, Anjali and Astafurov, Artyom and Chen, Caroline and Yeh, Ching-Feng and Puhrsch, Christian and Pollack, David and Genzel, Dmitriy and Greenberg, Donny and Yang, Edward Z. and Lian, Jason and Mahadeokar, Jay and Hwang, Jeff and Chen, Ji and Goldsborough, Peter and Roy, Prabhat and Narenthiran, Sean and Watanabe, Shinji and Chintala, Soumith and Quenneville-B{\'{e}}lair, Vincent and Shi, Yangyang},
    month = {10},
    url = {http://arxiv.org/abs/2110.15018},
    arxivId = {2110.15018}
}

@techreport{HamelTransferSimilarity,
    title = {{Transfer learning in MIR: sharing learned latent representations for music audio classification and similarity}},
    author = {Hamel, Philippe and Davies, Matthew E P and Yoshii, Kazuyoshi and Goto, Masataka}
}

@techreport{Bogdanov2010UnifyingMeasures,
    title = {{Unifying Low-level and High-level Music Similarity Measures}},
    year = {2010},
    author = {Bogdanov, Dmitry and Serr{\`{a}}, Joan and Wack, Nicolas and Herrera, Perfecto and Serra, Xavier},
    url = {http://en.wikipedia.org/wiki/ITunes},
    keywords = {Distance measurement, Index Terms Music, Information retrieval, Knowledge acquisition, Multimedia computing, Multimedia databases}
}

@article{McCallum2021UnsupervisedSegmentation,
    title = {{Unsupervised Learning of Deep Features for Music Segmentation}},
    year = {2021},
    author = {McCallum, Matthew C.},
    month = {8},
    url = {http://arxiv.org/abs/2108.12955 http://dx.doi.org/10.1109/ICASSP.2019.8683407},
    doi = {10.1109/ICASSP.2019.8683407},
    arxivId = {2108.12955}
}

@techreport{Serra2013UnsupervisedSimilarity,
    title = {{Unsupervised Music Structure Annotation by Time Series Structure Features and Segment Similarity}},
    year = {2013},
    author = {Serr{\`{a}}, Joan and M{\"{u}}ller, Meinard and Grosche, Peter and Ll Arcos, Josep},
    url = {http://www.music-ir.org/mirex/wiki/MIREX}
}

@article{deBerardinis2020UnveilingDetection,
    title = {{Unveiling the Hierarchical Structure of Music by Multi-Resolution Community Detection}},
    year = {2020},
    journal = {Transactions of the International Society for Music Information Retrieval},
    author = {de Berardinis, Jacopo and Vamvakaris, Michalis and Cangelosi, Angelo and Coutinho, Eduardo},
    number = {1},
    month = {6},
    pages = {82--97},
    volume = {3},
    publisher = {Ubiquity Press, Ltd.},
    doi = {10.5334/tismir.41},
    issn = {25143298}
}

@article{Cheneee2021WhatSkills,
    title = {{What Are the Truly Aural Skills?}},
    year = {2021},
    author = {Cheneee, Timothy},
    number = {2},
    volume = {27},
    doi = {10.30535/mto.27.2.0},
    keywords = {aaentional control, aural skills, cognition, curriculum, harmony, pedagogy, perception, working memory}
}

@article{Zaidi2022WhenWork,
    title = {{When Does Re-initialization Work?}},
    year = {2022},
    author = {Zaidi, Sheheryar and Berariu, Tudor and Kim, Hyunjik and Bornschein, Jörg and Clopath, Claudia and Teh, Yee Whye and Pascanu, Razvan},
    month = {6},
    url = {http://arxiv.org/abs/2206.10011},
    arxivId = {2206.10011}
}